<?xml version="1.0" encoding="UTF-8"?><collection xmlns="http://www.loc.gov/MARC21/slim"><record><leader>00589nam--2200193-i-4500</leader><controlfield tag="001">000004733</controlfield><controlfield tag="002">20161230</controlfield><controlfield tag="005">20161230201026</controlfield><controlfield tag="008">060222s1000------------r-----000-0-eng-d</controlfield><datafield ind1=" " ind2=" " tag="040"><subfield code="a">IFIN-HH</subfield></datafield><datafield ind1=" " ind2=" " tag="080"><subfield code="a">539.143</subfield></datafield><datafield ind1="1" ind2=" " tag="100"><subfield code="a">Pople, J.A</subfield></datafield><datafield ind1="1" ind2="0" tag="245"><subfield code="a">High-resolution nuclear magnetic resonance</subfield><subfield code="c">J.a. pople, w.g. schneider, a.j. bernstein</subfield></datafield><datafield ind1=" " ind2=" " tag="260"><subfield code="a">New York,, 1959 Xii + 501 P</subfield><subfield code="b">Mcgraw-hill Book Company, Inc</subfield><subfield code="c">1959</subfield></datafield><datafield ind1=" " ind2=" " tag="300"><subfield code="a">501P</subfield></datafield><datafield ind1=" " ind2=" " tag="490"><subfield code="a">Mcgraw-hill Series In Advances Chemistry</subfield></datafield><datafield ind1="1" ind2=" " tag="700"><subfield code="a">Bernstein, H.J</subfield></datafield><datafield ind1=" " ind2=" " tag="852"><subfield code="a">14549</subfield><subfield code="c">539.143.43</subfield></datafield><datafield ind1=" " ind2=" " tag="CAT"><subfield code="a">Sys</subfield><subfield code="c">20120418</subfield><subfield code="h">165020</subfield></datafield></record></collection>